@Book{ArpaciDusseau14-Book,
  author =       {Remzi H. Arpaci-Dusseau and Andrea C. Arpaci-Dusseau},
  title =        "{Operating Systems: Three Easy Pieces}",
  publisher =    {Arpaci-Dusseau Books},
  month =        "May",
  year =         {2015},
  edition =      {0.91},
}

@techreport{Mell:2011:SND:2206223,
 author = {Mell, Peter M. and Grance, Timothy},
 title = {SP 800-145. The NIST Definition of Cloud Computing},
 year = {2011},
 publisher = {National Institute of Standards \& Technology},
 address = {Gaithersburg, MD, United States},
} 
